%%=================================%%
%%  Part III Project Bibliography  %%
%%=================================%%

@article{PhysRevD.28.286,
	title = {General relativity as a gauge theory of the Poincar\'e group, the symmetric momentum tensor of both matter and gravity, and gauge-fixing conditions},
	author = {Grensing, D. and Grensing, G.},
	journal = {Phys. Rev. D},
	volume = {28},
	issue = {2},
	pages = {286--296},
	numpages = {0},
	year = {1983},
	month = {Jul},
	publisher = {American Physical Society},
	doi = {10.1103/PhysRevD.28.286},
	url = {https://link.aps.org/doi/10.1103/PhysRevD.28.286}
}

@article{Shaposhnikov:2020aen,
	author = "Shaposhnikov, Mikhail and Shkerin, Andrey and Timiryasov, Inar and Zell, Sebastian",
	title = "{Einstein-Cartan Portal to Dark Matter}",
	eprint = "2008.11686",
	archivePrefix = "arXiv",
	primaryClass = "hep-ph",
	doi = "10.1103/PhysRevLett.127.169901",
	journal = "Phys. Rev. Lett.",
	volume = "126",
	number = "16",
	pages = "161301",
	year = "2021",
	note = "[Erratum: Phys.Rev.Lett. 127, 169901 (2021)]"
}

@article{Heisenberg:2020xak,
	author = "Heisenberg, Lavinia and Villarrubia-Rojo, Hector",
	title = "{Proca in the sky}",
	eprint = "2010.00513",
	archivePrefix = "arXiv",
	primaryClass = "astro-ph.CO",
	doi = "10.1088/1475-7516/2021/03/032",
	journal = "JCAP",
	volume = "03",
	pages = "032",
	year = "2021"
}
