@misc{ scitalks_20120009,
  doi = {},
  url = {https://scitalks.ca/PIRSA/20120009},
  author = {Barker, William},
  keywords = {Cosmology},
  language = {en},
  title = {Torsion cosmology and beyond},
  publisher = {},
  year = {2020}
}
